@Misc{
	LabBookPages,
	title = {Delay Sum Beamforming [Электронный ресурс]},
	howpublished = {Электронные данные},
	note = {Режим доступа: \url{http://www.labbookpages.co.uk/audio/beamforming/delaySum.html}. --- Дата доступа: 09.06.2015},
	language = {russian}
}

@Article{
	IEEE_Beamforming,
	author = {Van Veen, B. D. and Buckley, K. M.},
	title = {Beamforming: A versatile approach to spatial filtering},
	journal = {IEEE ASSP Magazine},
	note = {Режим доступа: \url{http://www.engr.wisc.edu/ece/faculty/vanveen_barry/ASSP_Mag_88.pdf}. --- Дата доступа: 01.06.2015},
	year = {1988},
	pages = {4 - 24},
	language = {russian}
}

@Misc{
	Xilinx_IIR,
	title = {Infinite Impulse Response Filter Structures in Xilinx FPGAs [Электронный ресурс]},
	howpublished = {Электронные данные},
	note = {Режим доступа: \url{http://www.xilinx.com/support/documentation/white_papers/wp330.pdf}. --- Дата доступа: 11.06.2015},
	language = {russian}
}

@Misc{
	Wiki_AcousticCamera,
	title = {Acoustic camera~--- Wikipedia, the free encyclopedia [Электронный ресурс]},
	howpublished = {Электронные данные},
	note = {Режим доступа: \url{http://en.wikipedia.org/wiki/Acoustic_camera}. --- Дата доступа: 28.05.2015},
	language = {russian}
}

@Article{
	KitE_DeltaSigma,
	author = {Махлин, Александр},
	title = {Дельта-сигма модуляция: назад в будущее},
	journal = {Компоненты и технологии \textnumero~11 за 2010 год},
	note = {Режим доступа: \url{http://www.kit-e.ru/articles/circuit/2010_11_154.php}. --- Дата доступа: 27.05.2015},
	year = {2010},
	language = {russian}
}


@Misc{
	NI_AcousticBeamforming,
	author = {Farrell, Doug},
	title = {Using Acoustic Beamforming for Pass-By Noise Source Detection [Электронный ресурс]},
	howpublished = {Электронные данные},
	note = {Режим доступа: \url{http://www.ni.com/pdf/app-note/acoustic-beamforming.pdf}. --- Дата доступа: 26.05.2015},
	year = {2013},
	language = {russian}
}

@Misc{
	Wiki_FPGA,
	title = {Программируемая пользователем вентильная матрица~--- Википедия [Электронный ресурс]},
	howpublished = {Электронные данные},
	note = {Режим доступа: \url{https://ru.wikipedia.org/wiki/%D0%9F%D1%80%D0%BE%D0%B3%D1%80%D0%B0%D0%BC%D0%BC%D0%B8%D1%80%D1%83%D0%B5%D0%BC%D0%B0%D1%8F_%D0%BF%D0%BE%D0%BB%D1%8C%D0%B7%D0%BE%D0%B2%D0%B0%D1%82%D0%B5%D0%BB%D0%B5%D0%BC_%D0%B2%D0%B5%D0%BD%D1%82%D0%B8%D0%BB%D1%8C%D0%BD%D0%B0%D1%8F_%D0%BC%D0%B0%D1%82%D1%80%D0%B8%D1%86%D0%B0}. --- Дата доступа: 30.05.2015},
	language = {russian}
}

@Misc{
	Wiki_PLD,
	title = {ПЛИС~--- Википедия [Электронный ресурс]},
	howpublished = {Электронные данные},
	note = {Режим доступа: \url{https://ru.wikipedia.org/wiki/%D0%9F%D0%9B%D0%98%D0%A1}. --- Дата доступа: 30.05.2015},
	language = {russian}
}

@Misc{
	Wiki_PDM,
	title = {Pulse-density modulation~--- Wikipedia, the free encyclopedia [Электронный ресурс]},
	howpublished = {Электронные данные},
	note = {Режим доступа: \url{http://en.wikipedia.org/wiki/Pulse-density_modulation}. --- Дата доступа: 28.05.2015},
	language = {russian}
}

@Manual{
	ST_MP45DT02,
	title = {MP45DT02~--- MEMS audio sensor omnidirectional digital microphone [Электронный ресурс]},
	organization = {STMicroelectronics},
	year = {2014},
	note = {Режим доступа: \url{http://www.st.com/web/en/resource/technical/document/datasheet/DM00025467.pdf}. --- Дата доступа: 29.05.2015},
	language = {russian}
}

@Misc{
	Wiki_SensorArray,
	title = {Sensor array~--- Wikipedia, the free encyclopedia [Электронный ресурс]},
	howpublished = {Электронные данные},
	note = {Режим доступа: \url{http://en.wikipedia.org/wiki/Sensor_array}. --- Дата доступа: 01.06.2015},
	language = {russian}
}

@Misc{
	Wiki_DigitalFilter,
	title = {Цифровой фильтр~--- Википедия [Электронный ресурс]},
	howpublished = {Электронные данные},
	note = {Режим доступа: \url{https://ru.wikipedia.org/wiki/%D0%A6%D0%B8%D1%84%D1%80%D0%BE%D0%B2%D0%BE%D0%B9_%D1%84%D0%B8%D0%BB%D1%8C%D1%82%D1%80}. --- Дата доступа: 31.05.2015},
	language = {russian}
}

@Misc{
	Wiki_IIR,
	title = {Фильтр с бесконечной импульсной характеристикой~--- Википедия [Электронный ресурс]},
	howpublished = {Электронные данные},
	note = {Режим доступа: \url{https://ru.wikipedia.org/wiki/}. --- Дата доступа: 31.05.2015},
	language = {russian}
}

@Misc{
	Wiki_FIR,
	title = {Фильтр с конечной импульсной характеристикой~--- Википедия [Электронный ресурс]},
	howpublished = {Электронные данные},
	note = {Режим доступа: \url{https://ru.wikipedia.org/wiki/%D0%A4%D0%B8%D0%BB%D1%8C%D1%82%D1%80_%D1%81_%D0%B1%D0%B5%D1%81%D0%BA%D0%BE%D0%BD%D0%B5%D1%87%D0%BD%D0%BE%D0%B9_%D0%B8%D0%BC%D0%BF%D1%83%D0%BB%D1%8C%D1%81%D0%BD%D0%BE%D0%B9_%D1%85%D0%B0%D1%80%D0%B0%D0%BA%D1%82%D0%B5%D1%80%D0%B8%D1%81%D1%82%D0%B8%D0%BA%D0%BE%D0%B9}. --- Дата доступа: 31.05.2015},
	language = {russian}
}

@Misc{
	Wiki_VoiceFreq,
	title = {Voice frequency~--- Wikipedia, the free encyclopedia [Электронный ресурс]},
	howpublished = {Электронные данные},
	note = {Режим доступа: \url{http://en.wikipedia.org/wiki/Voice_frequency}. --- Дата доступа: 02.06.2015},
	language = {russian}
}

@Misc{
	MSTUCA_OT,
	title = {Опасные и вредные производственные факторы, общие понятия [Электронный ресурс]},
	howpublished = {Электронные данные},
	note = {Режим доступа: \url{http://storage.mstuca.ru/jspui/bitstream/123456789/3662/1/%D0%A2%D0%B5%D0%BA%D1%81%D1%82+%D0%BB%D0%B5%D0%BA%D1%86%D0%B8%D0%B9.pdf}. --- Дата доступа: 06.06.2015},
	language = {russian}
}

@Misc{
	TechLib_NoiseCharacteristics,
	title = {Шум и его характеристики [Электронный ресурс]},
	howpublished = {Электронные данные},
	note = {Режим доступа: \url{http://delta-grup.ru/bibliot/97/55.htm}. --- Дата доступа: 06.06.2015},
	language = {russian}
}

@Misc{
	TechLib_NoiseProtection,
	title = {Защита от шума и ультразвука [Электронный ресурс]},
	howpublished = {Электронные данные},
	note = {Режим доступа: \url{http://delta-grup.ru/bibliot/97/54.htm}. --- Дата доступа: 06.06.2015},
	language = {russian}
}